%% This BibTeX bibliography file was created using BibDesk.
%% http://bibdesk.sourceforge.net/


%% Created for Edoardo Colombo at 2013-07-16 18:21:14 +0200


%% Saved with string encoding Unicode (UTF-8)



@article{dns-specs,
	Author = {R. Bush, R. Elz},
	Date-Added = {2013-07-16 18:20:31 +0200},
	Date-Modified = {2013-07-16 18:21:14 +0200},
	Journal = {Network Working Group RFC 2181},
	Title = {Clarifications to the DNS Specification},
	Year = {1997}}

@article{idna_protocol,
	Author = {J. Klensin},
	Date-Added = {2013-07-16 18:19:17 +0200},
	Date-Modified = {2013-07-16 18:20:03 +0200},
	Journal = {Internet RFC 5891, ISSN: 2070-1721},
	Title = {Internationalized Domain Names in Applications (IDNA): Protocol},
	Year = {2010}}

@article{idna,
	Author = {J. Klensin},
	Date-Added = {2013-07-16 18:13:49 +0200},
	Date-Modified = {2013-07-16 18:19:07 +0200},
	Journal = {Internet RFC 5890, ISSN: 2070-1721},
	Title = {Internationalized Domain Names for Applications (IDNA): Definitions and Document Framework},
	Year = {2010}}
