@article{Brand2003,
author = {Brand, Matthew},
file = {:Users/edolaptop/Dropbox/thesis/papers/clustering/fast\_online\_svd.pdf:pdf},
journal = {SIAM International Conference on Data Mining},
keywords = {collaborative filtering,decomposition,incomplete data,mending,online updating,real-time recom-,real-time recommending,singular value,singular value decomposition},
pages = {37--46},
title = {{Fast online SVD revisions for lightweight recommender systems}},

year = {2003}
}
@article{Chi2009,
author = {Chi, Yun and Song, Xiaodan and Zhou, Dengyong and Hino, Koji and Tseng, Belle L.},
doi = {10.1145/1631162.1631165},
file = {:Users/edolaptop/Dropbox/thesis/papers/clustering/09tkdd\_evolutionary.pdf:pdf},
issn = {15564681},
journal = {ACM Transactions on Knowledge Discovery from Data},
month = nov,
number = {4},
pages = {1--30},
title = {{On evolutionary spectral clustering}},

volume = {3},
year = {2009}
}
@article{Gupta2004,
author = {Gupta, Chetan and Grossman, R},
file = {:Users/edolaptop/Dropbox/thesis/papers/clustering/genic\_a\_single\_pass.pdf:pdf},
journal = {\ldots of the SIAM International Conference on \ldots},
title = {{Genic: A single pass generalized incremental algorithm for clustering}},

year = {2004}
}
@article{Chakrabarti2006,
author = {Chakrabarti, D and Kumar, Ravi and Tomkins, Andrew},
file = {:Users/edolaptop/Dropbox/thesis/papers/clustering/chakrabarti.pdf:pdf},
isbn = {1595933395},
journal = {Proceedings of the 12th ACM \ldots},
keywords = {agglomera-,clustering,temporal evolution},
pages = {554--560},
title = {{Evolutionary clustering}},

year = {2006}
}
@article{Ning2007,
author = {Ning, Huazhong and Xu, W and Chi, Y and Gong, Y and Huang, TS},
file = {:Users/edolaptop/Dropbox/thesis/papers/clustering/dm07\_024Ning.pdf:pdf},
journal = {SDM},
keywords = {incidence vector,incremental clustering,matrix,spectral clus-,tering,web-blogs},
pages = {261--272},
title = {{Incremental Spectral Clustering With Application to Monitoring of Evolving Blog Communities.}},

year = {2007}
}
@article{Xu1994,
author = {Xu, Guanghan and Zha, Hongyuan and Golub, G and Kailath, T},
file = {:Users/edolaptop/Dropbox/thesis/papers/clustering/fast\_algorithms\_for\_updating.pdf:pdf},
journal = {\ldots II: Analog and Digital Signal \ldots},
number = {8},
title = {{Fast algorithms for updating signal subspaces}},

volume = {41},
year = {1994}
}
@article{Shu2011,
author = {Shu, Liangcai and Chen, Aiyou and Xiong, Ming and Meng, Weiyi},
file = {:Users/edolaptop/Dropbox/thesis/papers/clustering/ICDE11\_conf\_full\_065\_update.pdf:pdf},
journal = {Data Engineering (ICDE), \ldots},
title = {{Efficient spectral neighborhood blocking for entity resolution}},

year = {2011}
}
@article{Brand2002,
author = {Brand, Matthew},
file = {:Users/edolaptop/Dropbox/thesis/papers/clustering/incremental\_singular\_value\_decomposition.pdf:pdf},
journal = {Computer Vision—ECCV 2002},
title = {{Incremental singular value decomposition of uncertain data with missing values}},

year = {2002}
}
@article{Ning2010,
author = {Ning, Huazhong and Xu, Wei and Chi, Yun and Gong, Yihong and Huang, TS},
doi = {10.1016/j.patcog.2009.06.001},
file = {:Users/edolaptop/Dropbox/thesis/papers/clustering/incremental\_spectral\_clustering.pdf:pdf},
issn = {0031-3203},
journal = {Pattern Recognition},
keywords = {Graph,Incidence vector/matrix,Incremental clustering,Spectral clustering,Web–blogs,incremental clustering},
number = {1},
pages = {113--127},
publisher = {Elsevier},
title = {{Incremental spectral clustering by efficiently updating the eigen-system}},

volume = {43},
year = {2010}
}
@article{Goetze1995,
author = {Goetze, J and Rieder, P and Nossek, JA},
file = {:Users/edolaptop/Dropbox/thesis/papers/clustering/parallel\_svd\_updating.pdf:pdf},
journal = {SPIE's 1995 \ldots},
title = {{Parallel SVD updating using approximate rotations}},

year = {1995}
}
@article{Shi2000,
author = {Shi, Jianbo and Malik, Jitendra},
file = {:Users/edolaptop/Dropbox/thesis/papers/clustering/SM-ncut.pdf:pdf},
journal = {Pattern Analysis and Machine Intelligence, IEEE \ldots},
number = {8},
pages = {888--905},
title = {{Normalized cuts and image segmentation}},

volume = {22},
year = {2000}
}
@article{Comon1990,
author = {Comon, P and Golub, GH},
file = {:Users/edolaptop/Dropbox/thesis/papers/clustering/tracking\_a\_few\_extreme\_sing\_vals.pdf:pdf},
journal = {Proceedings of the IEEE},
number = {8},
pages = {1327--1343},
title = {{Tracking a few extreme singular values and vectors in signal processing}},

volume = {78},
year = {1990}
}
@article{Stewart1993,
author = {Stewart, GW},
file = {:Users/edolaptop/Dropbox/thesis/papers/clustering/updating\_a\_rankrevealing\_ulv\_dec.pdf:pdf},
journal = {SIAM Journal on Matrix Analysis and Applications},
number = {March},
title = {{Updating a rank-revealing ULV decomposition}},

year = {1993}
}
@article{Lorenzo2013,
author = {Cavallaro, Lorenzo and Maggi, Federico and Schiavoni, Stefano and Zanero, Stefano},
file = {:Users/edolaptop/Dropbox/thesis/papers/schiavoni/botintime-paper.pdf:pdf},
title = {{Characterizing Automatically Generated Botnet Domains from Passive DNS Monitoring}},
year = {2013}
}
@article{Exposure,
author = {Leyla, Bilge and Engin, Kirda and Christopher, Kruegel and Marco, Balduzzi},
journal = {Proceedings of NDSS},
title = {Exposure: Finding malicious domains using passive DNS analysis}
year = {2011}
}
@article{Sandeep2010,
author = {Sandeep Yadav, Ashwath Kumar Krishna Reddy, AL Narasimha Reddy, and Supranamaya Ranjan},
title = {Detecting algorithmically generated malicious domain names},
journal = {Proceedings of the 10th annual conference on Internet measurement},
year = {2010}
}